---
---

@article{wing:2006,
    author = {Wing, Jeannette M.},
    title = {{C}omputational {T}hinking},
    year = {2006},
    issue_date = {March 2006},
    publisher = {Association for Computing Machinery},
    address = {New York, NY, USA},
    volume = {49},
    number = {3},
    issn = {0001-0782},
    doi = {10.1145/1118178.1118215},
    abstract = {It represents a universally applicable attitude and skill set everyone, not just computer scientists, would be eager to learn and use.},
    journal = {Commun. ACM},
    month = mar,
    pages = {33â€“35},
    numpages = {3}
}

@Inbook{fraillon:2019,
	author="Fraillon, Julian
	and Ainley, John
	and Schulz, Wolfram
	and Duckworth, Daniel
	and Friedman, Tim",
	title="Computational thinking framework",
	bookTitle="IEA International Computer and Information Literacy Study 2018 Assessment Framework",
	year="2019",
	publisher="Springer International Publishing",
	address="Cham",
	pages="25--31",
	abstract="The ICILS CIL construct was established and measured in response to the pervasive belief in the value of CIL-related competencies for participation in the 21st century.",
	isbn="978-3-030-19389-8",
	doi="10.1007/978-3-030-19389-8_3",
	url="https://doi.org/10.1007/978-3-030-19389-8_3"
}



@misc{jbdoc,
	author = {The Jupyter Book Community},
	title = {{J}upyter {B}ook {D}ocumentation},
	year = 2022,
	howpublished = {\url{https://jupyterbook.org/en/stable/intro.html}},
	url = {https://jupyterbook.org/en/stable/intro.html},
	urldate = {2022-05-18}
}

@online{jbct,
	author = {Benedikt Z\"onnchen, Sarah Ottinger, Martion Hobelsberger},
	title = {{C}omputational {T}hinking},
	year = 2021,
	howpublished = {\url{https://bzoennchen.github.io/ct-book/intro.html}},
	url = {https://bzoennchen.github.io/ct-book/intro.html},
	urldate = {2022-05-18}
}

@online{roboworlddoc,
	author = {Benedikt Z\"onnchen},
	title = {{R}oboworld {D}ocumentation},
	year = 2021,
	howpublished = {\url{https://robo-world-doc.readthedocs.io/en/latest/index.html}},
	url = {https://robo-world-doc.readthedocs.io/en/latest/index.html},
	urldate = {2022-05-18}
}

@online{roboworld,
	author = {Benedikt Z\"onnchen},
	title = {{R}oboworld},
	year = 2021,
	howpublished = {\url{https://pypi.org/project/roboworld/}},
	url = {https://pypi.org/project/roboworld/},
	urldate = {2022-05-18}
}

@online{otter,
	author = {UC Berkeley Data Science Education Program Infrastructure Team},
	title = {{O}tter-{G}rader {D}ocumentation},
	year = 2021,
	howpublished = {\url{https://otter-grader.readthedocs.io/en/latest/}},
	url = {https://otter-grader.readthedocs.io/en/latest/},
	urldate = {2022-05-18}
}

@online{jupyterhub,
	author = {Project Jupyter},
	title = {{J}upyter{H}ub {D}ocumentation},
	year = 2021,
	howpublished = {\url{https://jupyter.org/hub}},
	url = {https://jupyter.org/hub},
	urldate = {2022-05-18}
}

@online{jupyter,
	author = {Project Jupyter},
	title = {{J}upyter},
	year = 2021,
	howpublished = {\url{https://jupyter.org/}},
	url = {https://jupyter.org/},
	urldate = {2022-05-18}
}

